@Article{carpin2006,
author = {Stefano. Carpin},
title = {Randomized Motion Planning - A Tutorial},
journal = {International Journal of Robotics and Automation},
year = {2006},
OPTkey = {•},
volume = {21},
number = {3},
pages = {184-196},
OPTmonth = {•},
OPTnote = {•},
OPTannote = {•}
}
